<record><leader>00000cas a22000007a 4500</leader><controlfield tag="001">12989220</controlfield><controlfield tag="008">860108d18341847gauir ne      0    0eng d</controlfield><datafield ind1=" " ind2=" " tag="010"><subfield code="a">sn 86053014 </subfield></datafield><datafield ind1=" " ind2=" " tag="040"><subfield code="a">NPX</subfield><subfield code="b">eng</subfield><subfield code="c">NPX</subfield><subfield code="d">PPM</subfield><subfield code="d">NYS</subfield><subfield code="d">NLG</subfield><subfield code="d">DLC</subfield><subfield code="d">OCL</subfield><subfield code="d">NLG</subfield><subfield code="d">NVF</subfield><subfield code="d">CNW</subfield><subfield code="d">FUG</subfield><subfield code="d">OCL</subfield><subfield code="d">GUA</subfield><subfield code="d">OCLCQ</subfield><subfield code="d">OCLCF</subfield><subfield code="d">OCLCO</subfield></datafield><datafield ind1=" " ind2=" " tag="012"><subfield code="b">3</subfield></datafield><datafield ind1=" " ind2=" " tag="019"><subfield code="a">12989929</subfield><subfield code="a">21720480</subfield></datafield><datafield ind1="1" ind2=" " tag="029"><subfield code="a">AU@</subfield><subfield code="b">000020127400</subfield></datafield><datafield ind1=" " ind2=" " tag="042"><subfield code="a">msc</subfield></datafield><datafield ind1=" " ind2=" " tag="043"><subfield code="a">n-us-ga</subfield></datafield><datafield ind1="0" ind2=" " tag="130"><subfield code="a">Georgia constitutionalist (Augusta, Ga. : Triweekly)</subfield></datafield><datafield ind1="1" ind2="4" tag="245"><subfield code="a">The Georgia constitutionalist.</subfield></datafield><datafield ind1="1" ind2=" " tag="246"><subfield code="i">Issues for &lt;Jan. 2-Dec. 31, 1840&gt; published as:</subfield><subfield code="a">Constitutionalist</subfield></datafield><datafield ind1=" " ind2=" " tag="260"><subfield code="a">Augusta, Ga. :</subfield><subfield code="b">P.C. Guieu</subfield></datafield><datafield ind1=" " ind2=" " tag="300"><subfield code="a">v.</subfield></datafield><datafield ind1=" " ind2=" " tag="310"><subfield code="a">Triweekly</subfield></datafield><datafield ind1="1" ind2=" " tag="362"><subfield code="a">Began in Oct. 1834; ceased in 1847.</subfield></datafield><datafield ind1=" " ind2=" " tag="500"><subfield code="a">Published by: Guieu &amp; Thompson &lt;Nov. 6, 1835-May 9, 1840&gt;.</subfield></datafield><datafield ind1=" " ind2=" " tag="515"><subfield code="a">Issues for &lt;Nov. 6, 1835-May 9, 1840&gt; called new series.</subfield></datafield><datafield ind1=" " ind2=" " tag="530"><subfield code="a">Also on microfilm: Athens, Ga. : University of Georgia Libraries.</subfield></datafield><datafield ind1=" " ind2=" " tag="580"><subfield code="a">Daily eds.: Georgia constitutionalist (Augusta, Ga. : 1832), 1834-&lt;1840&gt;; Daily constitutionalist (Augusta, Ga. : 1846), 1846-1847.</subfield></datafield><datafield ind1=" " ind2=" " tag="580"><subfield code="a">Weekly eds.: Georgia constitutionalist (Augusta, Ga. : Weekly), 1834-&lt;1843&gt;; Weekly constitutionalist, &lt;1845&gt;; Weekly Georgia constitutionalist, &lt;1847&gt;.</subfield></datafield><datafield ind1=" " ind2=" " tag="588"><subfield code="a">Description based on: Vol. 12, no. 18 (Oct. 25, 1834).</subfield></datafield><datafield ind1=" " ind2="0" tag="651"><subfield code="a">Augusta (Ga.)</subfield><subfield code="v">Newspapers.</subfield></datafield><datafield ind1=" " ind2="0" tag="651"><subfield code="a">Richmond County (Ga.)</subfield><subfield code="v">Newspapers.</subfield></datafield><datafield ind1=" " ind2="7" tag="655"><subfield code="a">Newspapers.</subfield><subfield code="2">fast</subfield><subfield code="0">(OCoLC)fst01423814</subfield></datafield><datafield ind1=" " ind2="7" tag="651"><subfield code="a">Georgia</subfield><subfield code="z">Augusta.</subfield><subfield code="2">fast</subfield><subfield code="0">(OCoLC)fst01206406</subfield></datafield><datafield ind1=" " ind2="7" tag="651"><subfield code="a">Georgia</subfield><subfield code="z">Richmond County.</subfield><subfield code="2">fast</subfield><subfield code="0">(OCoLC)fst01215116</subfield></datafield><datafield ind1=" " ind2=" " tag="752"><subfield code="a">United States</subfield><subfield code="b">Georgia</subfield><subfield code="c">Richmond</subfield><subfield code="d">Augusta.</subfield></datafield><datafield ind1="1" ind2=" " tag="775"><subfield code="t">Georgia constitutionalist (Augusta, Ga. : 1832)</subfield><subfield code="w">(DLC)sn 84020134</subfield><subfield code="w">(OCoLC)2715303</subfield></datafield><datafield ind1="1" ind2=" " tag="775"><subfield code="t">Daily constitutionalist (Augusta, Ga. : 1846)</subfield><subfield code="w">(DLC)sn 90052029</subfield><subfield code="w">(OCoLC)21665964</subfield></datafield><datafield ind1="1" ind2=" " tag="775"><subfield code="t">Georgia constitutionalist (Augusta, Ga. : Weekly)</subfield><subfield code="w">(DLC)sn 90052030</subfield><subfield code="w">(OCoLC)21480386</subfield></datafield><datafield ind1="1" ind2=" " tag="775"><subfield code="t">Weekly constitutionalist</subfield><subfield code="w">(DLC)sn 86071159</subfield><subfield code="w">(OCoLC)2715438</subfield></datafield><datafield ind1="1" ind2=" " tag="775"><subfield code="t">Weekly Georgia constitutionalist</subfield><subfield code="w">(DLC)sn 90052027</subfield><subfield code="w">(OCoLC)21480272</subfield></datafield><datafield ind1="0" ind2="0" tag="785"><subfield code="t">Tri-weekly constitutionalist</subfield><subfield code="w">(DLC)sn 82015391</subfield><subfield code="w">(OCoLC)8807217</subfield></datafield></record>